@book{CLR,
 author = "Thomas H. Cormen and Charles E. Leiserson and Ronald L. Rivest",
 title = "Introduction to Algorithms",
 publisher = "{MIT} Press",
 year = "1990"
}
